@article{golub89,
  title={Matrix computations},
  author={Golub, Gene H and Van Loan, Charles F},
  journal={The Johns Hopkins University Press, Baltimore, USA},
  year={1989}
}

@inproceedings{noisy_pm,
  title={The noisy power method: A meta algorithm with applications},
  author={Hardt, Moritz and Price, Eric},
  booktitle={Advances in Neural Information Processing Systems},
  pages={2861--2869},
  year={2014}
}
